 @book{Harlow_1962, title={The particle-in-cell method for numerical solution of problems in fluid dynamics}, url={http://dx.doi.org/10.2172/4769185}, DOI={10.2172/4769185}, institution={Office of Scientific and Technical Information (OSTI)}, author={Harlow, Francis}, year={1962}, month=mar }
